<?xml version="1.0" encoding="UTF-8"?>
<record xmlns="http://www.loc.gov/MARC21/slim" xmlns:xsi="http://www.w3.org/2001/XMLSchema-instance" xsi:schemaLocation="http://www.loc.gov/MARC21/slim http://www.loc.gov/standards/marcxml/schema/MARC21slim.xsd">
<leader>     cam a2200217ua 4500</leader>
<controlfield tag="001">001676979</controlfield>
<controlfield tag="003">NNU</controlfield>
<controlfield tag="005">20001218194318.0</controlfield>
<controlfield tag="008">951129s1956    iq       b    000 0bara d</controlfield>
<datafield tag="035" ind1="9" ind2=" ">
<subfield code="a">NYUb12220349</subfield>
</datafield>
<datafield tag="035" ind1=" " ind2=" ">
<subfield code="a">(NjP)notisCBZ6385</subfield>
</datafield>
<datafield tag="035" ind1=" " ind2=" ">
<subfield code="a">(CStRLIN)NJPG95-B74622</subfield>
</datafield>
<datafield tag="040" ind1=" " ind2=" ">
<subfield code="a">NjP</subfield>
<subfield code="c">NjP</subfield>
</datafield>
<datafield tag="100" ind1="1" ind2=" ">
<subfield code="a">ʻAskarī, Murtaḍá.</subfield>
</datafield>
<datafield tag="245" ind1="1" ind2="0">
<subfield code="a">ʻAbd Allāh ibn Sabaʼ, al-madkhal :</subfield>
<subfield code="b">baḥth wa-taḥqīq fīmā katabahu al-muʼarrikhūn wa-al-mustashriqūn ʻan Ibn Sabaʼ wa-qiṣaṣ Islāmīyah ukhrá mundhu al-qarn al-thānī al-Hijrī ḥattá al-yawm /</subfield>
<subfield code="c">taʼlīf Murtāḍá al-ʻAskarī.</subfield>
</datafield>
<datafield tag="260" ind1=" " ind2=" ">
<subfield code="a">al-Najaf :</subfield>
<subfield code="b">al-Maṭbaʻah al-ʻIlmīyah,</subfield>
<subfield code="c">1956.</subfield>
</datafield>
<datafield tag="300" ind1=" " ind2=" ">
<subfield code="a">[3], 2, 182 p. ;</subfield>
<subfield code="c">25 cm.</subfield>
</datafield>
<datafield tag="500" ind1=" " ind2=" ">
<subfield code="a">Includes bibliographical references (p. 171-179).</subfield>
</datafield>
<datafield tag="600" ind1="0" ind2="0">
<subfield code="a">ʻAbd Allāh ibn Sabaʼ,</subfield>
<subfield code="d">7th cent.</subfield>
</datafield>
<datafield tag="OWN" ind1=" " ind2=" ">
<subfield code="a">GENERAL</subfield>
</datafield>
<datafield tag="950" ind1=" " ind2=" ">
<subfield code="l">BMAIN</subfield>
<subfield code="a">BP80.A186</subfield>
<subfield code="b">A7</subfield>
</datafield>
<datafield tag="955" ind1=" " ind2=" ">
<subfield code="l">BMAIN</subfield>
<subfield code="c">1</subfield>
<subfield code="r">028214453</subfield>
</datafield>
<datafield tag="998" ind1=" " ind2=" ">
<subfield code="s">9124</subfield>
</datafield>
<datafield tag="AVA" ind1=" " ind2=" ">
<subfield code="a">NYU50</subfield>
<subfield code="b">BOBST</subfield>
<subfield code="c">Main Collection</subfield>
<subfield code="d">BP80.A186 A7</subfield>
<subfield code="e">unavailable</subfield>
<subfield code="t">Unavailable</subfield>
<subfield code="f">1</subfield>
<subfield code="g">1</subfield>
<subfield code="h">N</subfield>
<subfield code="i">0</subfield>
<subfield code="j">MAIN</subfield>
<subfield code="k">0</subfield>
</datafield>
</record>
